

@inproceedings{Pientka:IJCAR10,
  author =        {Brigitte Pientka and Joshua Dunfield},
  booktitle =     {{5th International Joint Conference on Automated
                   Reasoning (IJCAR'10)}},
  editor =        {J{\"u}rgen Giesl and Reiner Haehnle},
  pages =         {15-21},
  publisher =     {Springer},
  series =        {Lecture Notes in Artificial Intelligence (LNAI 6173)},
  title =         {Beluga: a Framework for Programming and Reasoning
                   with Deductive Systems ({System Description})},
  year =          {2010},
}

@inproceedings{Pientka:FLOPS10,
  author =        {Brigitte Pientka},
  booktitle =     {10th {I}nternational {S}ymposium on {F}unctional and
                   {L}ogic {P}rogramming (FLOPS'10)},
  editor =        {Matthias Blume, Naoki Kobayashi, German Vidal},
  pages =         {1-12},
  publisher =     {Springer},
  series =        {Lecture Notes in Computer Science (LNCS 6009)},
  title =         {Beluga: programming with dependent types, contextual
                   data, and contexts},
  year =          {2010},
}

@inproceedings{Pientka:CADE15,
  author =        {Brigitte Pientka and Andrew Cave},
  booktitle =     {25th International Conference on Automated Deduction
                   (CADE-25)},
  editor =        {Amy P. Felty and Aart Middeldorp},
  pages =         {272--281},
  publisher =     {Springer},
  series =        {Lecture Notes in Computer Science (LNCS 9195)},
  title =         {Inductive {B}eluga:{P}rogramming {P}roofs ({S}ystem
                   {De}scription)},
  year =          {2015},
}

@article{Harper93jacm,
  author =        {Robert Harper and Furio Honsell and Gordon Plotkin},
  journal =       {{Journal of the ACM}},
  month =         {January},
  number =        {1},
  pages =         {143--184},
  title =         {A Framework for Defining Logics},
  volume =        {40},
  year =          {1993},
}

@article{Nanevski:ICML05,
  author =        {Aleksandar Nanevski and Frank Pfenning and
                   Brigitte Pientka},
  journal =       {{ACM Transactions on Computational Logic}},
  number =        {3},
  pages =         {1--49},
  title =         {Contextual modal type theory},
  volume =        {9},
  year =          {2008},
}

@inproceedings{Pientka:POPL08,
  author =        {Brigitte Pientka},
  booktitle =     {{35th {ACM} SIGPLAN-SIGACT Symposium on Principles of
                   Programming Languages (POPL'08)}},
  pages =         {371--382},
  publisher =     {ACM Press},
  title =         {A type-theoretic foundation for programming with
                   higher-order abstract syntax and first-class
                   substitutions},
  year =          {2008},
}

@inproceedings{Pientka:TLCA15,
  author =        {Brigitte Pientka and Andreas Abel},
  booktitle =     {13th International Conference on Typed Lambda Calculi
                   and Applications (TLCA'15)},
  editor =        {Thorsten Altenkirch},
  pages =         {273--287},
  publisher =     {Leibniz International Proceedings in Informatics
                   (LIPIcs) of Schloss Dagstuhl},
  title =         {Structural Recursion over Contextual Objects},
  year =          {2015},
}

@inproceedings{Felty:ITP10,
  author =        {Amy P. Felty and Brigitte Pientka},
  booktitle =     {International Conference on Interactive Theorem
                   Proving},
  editor =        {Matt Kaufmann and Lawrence C. Paulson},
  pages =         {227-242},
  publisher =     {Springer},
  series =        {Lecture Notes in Computer Science (LNCS 6172)},
  title =         {Reasoning with Higher-Order Abstract Syntax and
                   Contexts: A Comparison},
  year =          {2010},
}

@article{Felty:orbi-survey,
  author =        {Amy P. Felty and Alberto Momigliano and
                   Brigitte Pientka},
  journal =       {Journal of Automated Reasoning},
  number =        {4},
  pages =         {307--372},
  publisher =     {Springer},
  title =         {The Next 700 Challenge Problems for Reasoning with
                   Higher-Order Abstract Syntax Representations: Part 2
                   - A Survey},
  volume =        {55},
  year =          {2015},
  doi =           {10.1007/s10817-015-9327-3},
}

@phdthesis{Virga99phd,
  author =        {Roberto Virga},
  note =          {{CMU}-{CS}-99-167},
  school =        {Department of Mathematical Sciences, Carnegie Mellon
                   University},
  title =         {Higher-Order Rewriting with Dependent Types},
  year =          {1999},
}

