

@misc{Girard1972,
  author =        {Girard, Jean-Yves},
  howpublished =  {Th{\`e}se de doctorat d'{\'e}tat, Universit{\'e}
                   Paris VII},
  title =         {Interpr{\'e}tation fonctionelle et {\'e}limination
                   des coupures de l'arithm{\'e}tique d'ordre
                   sup{\'e}rieur},
  year =          {1972},
}

@book{Girard1989,
  author =        {Girard, Jean-Yves and Taylor, Paul and Lafont, Yves},
  publisher =     {Cambridge Univ. Press},
  title =         {Proofs and types},
  year =          {1989},
  isbn =          {0-521-37181-3},
}

@inproceedings{DBLP:conf/programm/Reynolds74,
  author =        {Reynolds, John Charles},
  booktitle =     {Paris Colloque sur la Programmation},
  pages =         {408--423},
  publisher =     {Springer},
  series =        {LNCS 19},
  title =         {Towards a theory of type structure},
  year =          {1974},
  isbn =          {3-540-06859-7},
}

@book{Harper2013,
  author =        {Harper, Robert},
  publisher =     {Cambridge Univ. Press},
  title =         {Practical foundations for programming languages},
  year =          {2013},
}

@article{DBLP:journals/jfp/Barendregt91,
  author =        {Barendregt, Henk},
  journal =       {JFP},
  number =        {2},
  pages =         {125-154},
  title =         {Introduction to Generalized Type Systems},
  volume =        {1},
  year =          {1991},
}

@misc{Geuvers1993,
  author =        {Geuvers, Jan Herman},
  howpublished =  {Proefschrift, Katholieke Univ. Nijmegen},
  title =         {Logics and type systems},
  year =          {1993},
}

@inproceedings{KaiserEtAl:2017:sysf_pts_equiv_coq,
  author =        {Jonas Kaiser and Tobias Tebbi and Gert Smolka},
  booktitle =     { CPP 2017},
  publisher =     {ACM},
  title =         {Equivalence of {S}ystem {F} and {$\lambda 2$} in
                   {C}oq based on Context Morphism Lemmas},
  year =          {2017},
}

@article{AbellaTutorial,
  author =        {David Baelde and Kaustuv Chaudhuri and Andrew Gacek and
                   Dale Miller and Gopalan Nadathur and Alwen Tiu and
                   Yuting Wang},
  journal =       {JFR},
  number =        {2},
  pages =         {1--89},
  title =         {Abella: A System for Reasoning about Relational
                   Specifications},
  volume =        {7},
  year =          {2014},
  issn =          {1972-5787},
}

@inproceedings{Pientka:CADE15,
  author =        {Brigitte Pientka and Andrew Cave},
  booktitle =     {CADE 2015},
  pages =         {272--281},
  publisher =     {Springer},
  series =        {LNCS 9195},
  title =         {Inductive {B}eluga:{P}rogramming {P}roofs ({S}ystem
                   {De}scription)},
  year =          {2015},
}

@inproceedings{Felty:ITP10,
  author =        {Amy P. Felty and Brigitte Pientka},
  booktitle =     {ITP 2010},
  pages =         {227-242},
  publisher =     {Springer},
  series =        {LNCS 6172},
  title =         {Reasoning with Higher-Order Abstract Syntax and
                   Contexts: A Comparison},
  year =          {2010},
}

@article{Felty:orbi-survey,
  author =        {Amy P. Felty and Alberto Momigliano and
                   Brigitte Pientka},
  journal =       {Journal of Automated Reasoning},
  number =        {4},
  pages =         {307--372},
  publisher =     {Springer},
  title =         {The Next 700 Challenge Problems for Reasoning with
                   Higher-Order Abstract Syntax Representations: Part 2
                   - A Survey},
  volume =        {55},
  year =          {2015},
}

@incollection{poplmark,
  author =        {Aydemir, Brian E. and Bohannon, Aaron and
                   Fairbairn, Matthew and Foster, J. Nathan and
                   Pierce, Benjamin C. and Sewell, Peter and
                   Vytiniotis, Dimitrios and Washburn, Geoffrey and
                   Weirich, Stephanie and Zdancewic, Steve},
  booktitle =     {TPHOL},
  pages =         {50--65},
  publisher =     {Springer},
  series =        {LNCS 3603},
  title =         {Mechanized Metatheory for the Masses: The {POPLmark}
                   Challenge},
  year =          {2005},
}

@inproceedings{DBLP:conf/itp/SchaferTS15,
  author =        {Sch{\"a}fer, Steven and Tebbi, Tobias and
                   Smolka, Gert},
  booktitle =     { ITP 2015},
  pages =         {359--374},
  publisher =     {Springer},
  series =        {LNCS 9236},
  title =         {Autosubst: Reasoning with de {B}ruijn Terms and
                   Parallel Substitutions},
  year =          {2015},
  isbn =          {978-3-319-22101-4},
}

@inproceedings{SchaeferEtAl:2009:Completeness,
  author =        {Steven Sch{\"a}fer and Gert Smolka and Tobias Tebbi},
  booktitle =     { CPP 2015},
  pages =         {67-73},
  publisher =     {ACM},
  title =         {Completeness and Decidability of de {B}ruijn
                   Substitution Algebra in {C}oq},
  year =          {2015},
}

@article{deBruijn1972,
  author =        {de Bruijn, Nicolaas Govert},
  journal =       {Indagationes Mathematicae (Proceedings)},
  number =        {5},
  pages =         {381 - 392},
  title =         {Lambda calculus notation with nameless dummies, a
                   tool for automatic formula manipulation, with
                   application to the {C}hurch-{R}osser theorem},
  volume =        {75},
  year =          {1972},
  issn =          {1385-7258},
}

@article{abadi1991,
  author =        {Mart\'{\i}n Abadi and Luca Cardelli and
                   Pierre-Louis Curien and Jean-Jacques L{\'e}vy},
  journal =       {JFP},
  number =        {4},
  pages =         {375-416},
  title =         {Explicit Substitutions},
  volume =        {1},
  year =          {1991},
}

@techreport{GoguenMcKinna1997,
  author =        {Goguen, Healfdene and McKinna, James},
  institution =   {Univ. of Edinburgh},
  number =        {ECS-LFCS-97-358},
  title =         {Candidates for substitution},
  year =          {1997},
}

@inproceedings{Pientka:FLOPS10,
  author =        {Brigitte Pientka},
  booktitle =     {FLOPS 2010},
  pages =         {1-12},
  publisher =     {Springer},
  series =        {LNCS 6009},
  title =         {Beluga: programming with dependent types, contextual
                   data, and contexts},
  year =          {2010},
}

@article{Harper93jacm,
  author =        {Robert Harper and Furio Honsell and Gordon Plotkin},
  journal =       {{Journal of the ACM}},
  month =         {January},
  number =        {1},
  pages =         {143--184},
  title =         {A Framework for Defining Logics},
  volume =        {40},
  year =          {1993},
}

@article{Nanevski:ICML05,
  author =        {Aleksandar Nanevski and Frank Pfenning and
                   Brigitte Pientka},
  journal =       {{ACM Transactions on Computational Logic}},
  number =        {3},
  pages =         {1--49},
  title =         {Contextual modal type theory},
  volume =        {9},
  year =          {2008},
}

@inproceedings{Pientka:POPL08,
  author =        {Brigitte Pientka},
  booktitle =     {POPL 2008},
  pages =         {371--382},
  publisher =     {ACM Press},
  title =         {A type-theoretic foundation for programming with
                   higher-order abstract syntax and first-class
                   substitutions},
  year =          {2008},
}

@phdthesis{Virga99phd,
  author =        {Roberto Virga},
  note =          {{CMU}-{CS}-99-167},
  school =        {Dep. of Math. Sciences, Carnegie Mellon Univ.},
  title =         {Higher-Order Rewriting with Dependent Types},
  year =          {1999},
}

@inproceedings{DBLP:conf/popl/AydemirCPPW08,
  author =        {Brian E. Aydemir and Arthur Chargu{\'e}raud and
                   Benjamin C. Pierce and Randy Pollack and
                   Stephanie Weirich},
  booktitle =     {POPL 2008},
  pages =         {3-15},
  publisher =     {ACM},
  title =         {Engineering formal metatheory},
  year =          {2008},
  isbn =          {978-1-59593-689-9},
}

@article{DBLP:journals/jar/FeltyM12,
  author =        {Felty, Amy P. and Momigliano, Alberto},
  journal =       {JAR},
  number =        {1},
  pages =         {43--105},
  title =         {Hybrid - {A} Definitional Two-Level Approach to
                   Reasoning with Higher-Order Abstract Syntax},
  volume =        {48},
  year =          {2012},
}

@inproceedings{DBLP:conf/cade/PfenningS99,
  author =        {Frank Pfenning and Carsten Sch{\"{u}}rmann},
  booktitle =     {CADE 1999},
  pages =         {202--206},
  publisher =     {Springer},
  title =         {System Description: Twelf - {A} Meta-Logical
                   Framework for Deductive Systems},
  year =          {1999},
}
@inproceedings{DBLP:conf/pldi/PfenningE88,
  author    = {Frank Pfenning and Conal Elliott},
  title     = {Higher-Order Abstract Syntax},
  booktitle = {PLDI 1988},
  pages     = {199--208},
  year      = {1988},
  publisher = {{ACM}}
}

@misc{CoqWebsite,
  title = {The {Coq} proof assistant},
  key   = {coq},
  note  = {\texttt{http://coq.inria.fr/}}
}

@INPROCEEDINGS{Gacek:LICS08,
   author      = {Andrew Gacek and Dale Miller and Gopalan Nadathur},
   title       = {Combining generic judgments with recursive definitions},
   booktitle   = {LICS 2008},
   year        = {2008},
   editor      = {Frank Pfenning},
   publisher   = {{IEEE} Computer Society Press}
}

@article{Gacek:JAR12,
  author    = {Andrew Gacek and Dale Miller and Gopalan Nadathur},
  title     = {A Two-Level Logic Approach to Reasoning About Computations},
  journal   = {JAR},
  volume    = {49},
  number    = {2},
  year      = {2012},
  pages     = {241--273}
}
