@inbook{vonNeumann1925,
  title = {An axiomatization of set theory},
  author = {von Neumann, John},
  crossref = {Heijenoort2000},
  pages = {393--413},
  year = {1925}
}

@inbook{Brouwer1923,
  title = {On the significance of the principle of excluded middle in mathematics, especially in function theory},
  author = {Brouwer, Luitzen E. J.},
  crossref = {Heijenoort2000},
  pages = {334--345},
  year = {1923}
}

@inbook{Skolem1922,
  title = {Some remarks on axiomatized set theory},
  author = {Skolem, Thoralf},
  crossref = {Heijenoort2000},
  pages = {290--301},
  year = {1922}
}

@inbook{Russell1902,
  title = {Letter to {F}rege},
  author = {Russell, Bertrand},
  crossref = {Heijenoort2000},
  pages = {124--125},
  year = {1902}
}

@inbook{Frege1879,
  title = {{B}egriffsschrift, a formula language, modeled upon that of arithmetic, for pure thought},
  author = {Frege, Gottlob},
  crossref = {Heijenoort2000},
  pages = {1--82},
  year = {1879}
}

@book{Heijenoort2000,
  title = {From {F}rege to {G}{\"o}del: a sourcebook in mathematical logic},
  booktitle = {From {F}rege to {G}{\"o}del: a sourcebook in mathematical logic},
  editorignored = {van Heijenoort, Jean},
  publisher = {to{E}xcel},
  address = {Lincoln, {NE}, {USA}},
  year = 2000,
  ISBN = {1-58348-597-X},
}

@book{Hrbacek1999,
  title = {Introduction to set theory},
  series = {Pure and applied mathematics},
  author = {Hrbacek, Karel and Jech, Thomas J.},
  publisher = {{CRC} {P}ress},
  year = {1999},
  edition = {3. ed., rev. and expanded},
  ISBN = {0-8247-7915-0 and 978-0-8247-7915-3},
}

@book{Luo1994,
  author = {Luo, Zhaohui},
  title = {Computation and reasoning: a type theory for computer science},
  year = {1994},
  isbn = {0-19-853835-9},
  publisher = {{O}xford {U}niversity {P}ress, {I}nc.},
  address = {{N}ew {Y}ork, {NY}, {USA}}
}

@book{Harper2013,
  title={Practical foundations for programming languages},
  author={Harper, Robert},
  year={2013},
  publisher={Cambridge University Press}
}

@book{Girard1989,
 author = {Girard, Jean-Yves and Taylor, Paul and Lafont, Yves},
 title = {Proofs and types},
 year = {1989},
 isbn = {0-521-37181-3},
 publisher = {Cambridge University Press},
}

@book{Wagon1985,
 author = {Wagon, Stan},
 title = {The {B}anach-{T}arski Paradox},
 year = {1985},
 publisher = {Cambridge University Press},
 address = {Cambridge, UK}
}

@book{Barendregt1985,
  author = {Barendregt, Hendrik P.},
  title = {The Lambda Calculus : Its Syntax and Semantics},
  publisher = {Elsevier},
  year = {1985},
  address = {Burlington},
  isbn = {978-0-444-86748-3},
}

@book{Streicher1991,
  title={Semantics of Type Theory: Correctness, Completeness, and Independence Results},
  author={Streicher, Thomas},
  isbn={9783764335946},
  lccn={lc91026116},
  series={Progress in theoretical computer science},
  year={1991},
  publisher={Birkh{\"a}user}
}

@incollection{Adams2006b,
  title={Formalized Metatheory with Terms Represented by an Indexed Family of Types},
  author={Adams, Robin},
  year={2006},
  booktitle={Types for Proofs and Programs},
  volume={3839},
  series={LNCS},
  publisher={Springer},
  pages={1--16}
}

@incollection{Aczel1978,
  title = {The Type Theoretic Interpretation of Constructive Set Theory},
  editorignored = {Macintyre, Angus and Pacholski, Leszek and Paris, Jeff},
  booktitle = {Logic Colloquium '77},
  publisher = {Elsevier},
  year = {1978},
  volume = {96},
  pages = {55--66},
  series = {Studies in Logic and the Foundations of Mathematics},
  author = {Aczel, Peter}
}

@incollection {Howard1980,
   author = {Howard, William A.},
   title = {The formulae-as-types notion of construction},
   booktitle = {To {H}. {B}. {C}urry: Essays on Combinatory Logic},
   editorignored = {Hindely, J. Roger and Seldin, Jonathan P.},
   publisher = {Academic Press},
   address = {Boston, MA},
   year = {1980}
}

@incollection{Reynolds1984,
  year={1984},
  booktitle={Semantics of Data Types},
  volume={173},
  series={LNCS},
  editorignored ={Kahn, Gilles and MacQueen, David B. and Plotkin, Gordon},
  title={Polymorphism is not set-theoretic},
  publisher={Springer Berlin / Heidelberg},
  author={Reynolds, John C.},
  pages={145-156}
}

@incollection{Gordon1996,
  year={1996},
  booktitle={Theorem Proving in Higher Order Logics},
  volume={1125},
  series={LNCS},
  editorignored ={Goos, Gerhard and Hartmanis, Juris and Leeuwen, Jan and Wright, Joakim and Grundy, Jim and Harrison, John},
  title={Set theory, higher order logic or both?},
  publisher={Springer Berlin / Heidelberg},
  author={Gordon, Mike},
  pages={191-201}
}

@book{Heyting1974,
  author = {Heyting, Arend},
  title = {{M}athematische {G}rundlagenforschung {I}ntuitionismus {B}eweistheorie},
  year = {1974},
  isbn = {3-540-06298-X},
  publisher = {Springer Berlin / Heidelberg},
}

@book{Bernays1958,
  author = {Bernays, Paul},
  title = {Axiomatic set theory : with a historical introduction by Abraham A. Fraenkel},
  year = {1958},
  publisher = {Amsterdam : North-Holland Publ. Co.}
}

@book{Curry1958,
  title={Combinatory logic},
  author={Curry, Haskell B. and Feys, Robert},
  volume={1},
  year={1958},
  publisher={North-Holland Publ. Co.}
}

@incollection {Grothendieck1972,
   author = {Grothendieck, Alexander and Verdier, Jean-Louis},
   title = {Expos{\'e} {I}: Prefaisceaux},
   booktitle = {Th{\'e}orie des Topos et Cohomologie Etale des Sch{\'e}mas},
   series = {Lecture Notes in Mathematics},
   editorignored = {Artin, Michael},
   publisher = {Springer Berlin / Heidelberg},
   volume = {269},
   year = {1972}
}

@book{Skolem1929,
title = {{{\"U}}ber einige {G}rundlagenfragen der {M}athematik},
author = {Skolem, Thoralf},
series = {Skrifter utgitt av Det Norsk videnskaps-akademi i Oslo, I. Matematisk-naturvidenskapelig klasse, no. 4},
publisher = {{I} kommisjon hos {J}. {D}ybwad},
address = {Oslo},
year = {1929},
}

@conference{Luo1989,
  title={{ECC}, an extended calculus of constructions},
  author={Luo, Zhaohui},
  booktitle={Logic in computer science ({LICS})},
  pages={386--395},
  year={1989}
}

@unpublished{Barras2012,
  author = {Barras, Bruno},
  title  = {Semantical Investigations in Intuitionistic Set Theory and Type Theories with Inductive Families},
  note = {Habilitation Thesis manuscript, received in private communication},
  year = {2012}
}

@article{DBLP:journals/jsyml/Henkin50,
  author    = {Henkin, Leon},
  title     = {Completeness in the Theory of Types},
  journal   = {JSL},
  volume    = {15},
  number    = {2},
  year      = {1950},
  pages     = {81-91},
  bibsource = {DBLP, http://dblp.uni-trier.de}
}

@article{DBLP:journals/jfp/Barendregt91,
  author    = {Barendregt, Henk},
  title     = {Introduction to Generalized Type Systems},
  journal   = {JFP},
  volume    = {1},
  number    = {2},
  year      = {1991},
  pages     = {125-154},
  bibsource = {DBLP, http://dblp.uni-trier.de}
}

@article{DBLP:journals/corr/abs-1004-1947,
  author    = {Brown, Chad E. and Smolka, Gert},
  title     = {Analytic Tableaux for Simple Type Theory and its First-Order
               Fragment},
  journal   = {Logical Methods in Computer Science},
  volume    = {6},
  number    = {2},
  year      = {2010},
  bibsource = {DBLP, http://dblp.uni-trier.de}
}

@article{DBLP:journals/jfp/SilesH12,
  author    = {Siles, Vincent and Herbelin, Hugo},
  title     = {{P}ure {T}ype {S}ystem conversion is always typable},
  journal   = {JFP},
  volume    = {22},
  number    = {2},
  year      = {2012},
  pages     = {153-180},
  bibsource = {DBLP, http://dblp.uni-trier.de}
}

@article{DBLP:journals/jar/BackesB11,
  author    = {Backes, Julian and Brown, Chad E.},
  title     = {Analytic Tableaux for Higher-Order Logic with Choice},
  journal   = {JAR},
  volume    = {47},
  number    = {4},
  year      = {2011},
  pages     = {451-479},
  bibsource = {DBLP, http://dblp.uni-trier.de}
}

@article{DBLP:journals/jsyml/BenzmullerBK04,
  author    = {Benzm{\"u}ller, Christoph and Brown, Chad E. and Kohlhase, Michael},
  title     = {Higher-order semantics and extensionality},
  journal   = {JSL},
  volume    = {69},
  number    = {4},
  year      = {2004},
  pages     = {1027-1088},
  bibsource = {DBLP, http://dblp.uni-trier.de}
}

@article{DBLP:journals/jfp/GeuversN91,
  author    = {Geuvers, Herman and Nederhof, Mark{-}Jan},
  title     = {Modular Proof of Strong Normalization for the Calculus of Constructions},
  journal   = {JFP},
  volume    = {1},
  number    = {2},
  pages     = {155--189},
  year      = {1991}
}

@techreport{GoguenMcKinna1997,
  author={Goguen, Healfdene and McKinna, James},
  title={Candidates for substitution},
  number={ECS-LFCS-97-358},
  institution={University of Edinburgh},
  year=1997
}

@article{DBLP:journals/jar/McKinnaP99,
  author    = {McKinna, James and Pollack, Robert},
  title     = {Some Lambda Calculus and Type Theory Formalized},
  journal   = {JAR},
  volume    = {23},
  number    = {3-4},
  pages     = {373--409},
  year      = {1999}
}

@article{LeeWerner2011,
  author    = {Lee, Gyesik and Werner, Benjamin},
  title     = {Proof-irrelevant model of {CC} with predicative induction and judgmental equality},
  journal   = {Logical methods in computer science},
  volume    = {7},
  number    = {4},
  year      = {2011}
}

@article{Barras2010,
  author    = {Barras, Bruno},
  title     = {Sets in {C}oq, {C}oq in sets},
  journal   = {JFR},
  volume    = {3},
  number    = {1},
  year      = {2010}
}

@article{Trybulec1990,
  title={{T}arski {G}rothendieck Set Theory},
  author={Trybulec, Andrzej},
  journal={JFM},
  volume={1},
  number={1},
  pages={9--11},
  year={1990}
}

@article{deBruijn1972,
  title = "Lambda calculus notation with nameless dummies, a tool for automatic formula manipulation, with application to the {C}hurch-{R}osser theorem",
  author = "de Bruijn, Nicolaas Govert",
  journal = "Indagationes Mathematicae (Proceedings)",
  volume = "75",
  number = "5",
  pages = "381 - 392",
  year = "1972",
  issn = "1385-7258"
}

@inproceedings{DBLP:conf/lics/HarperHP87,
  author    = {Harper, Robert and Honsell, Furio and Plotkin, Gordon D.},
  title     = {A Framework for Defining Logics},
  booktitle = {Proceedings of the Symposium on Logic in Computer Science ({LICS} '87), Ithaca, New York, USA, June 22-25, 1987},
  pages     = {194--204},
  year      = {1987},
  crossref  = {DBLP:conf/lics/1987}
}

@proceedings{DBLP:conf/lics/1987,
  title     = {Proceedings of the Symposium on Logic in Computer Science ({LICS} '87), Ithaca, New York, USA, June 22-25, 1987},
  publisher = {{IEEE} Computer Society},
  year      = {1987}
}

@inproceedings{DBLP:conf/programm/Reynolds74,
  author    = {Reynolds, John Charles},
  title     = {Towards a theory of type structure},
  booktitle = {Paris Colloque sur la Programmation},
  pages     = {408--423},
  publisher = {Springer},
  year      = {1974},
  crossref  = {DBLP:conf/programm/1974},
}

@proceedings{DBLP:conf/programm/1974,
  editorignored    = {Bernard Robinet},
  title     = {Paris Colloque sur la Programmation},
  series    = {LNCS},
  volume    = {19},
  publisher = {Springer},
  year      = {1974},
  isbn      = {3-540-06859-7},
}

@inproceedings{DBLP:conf/types/Geuvers93,
  author    = {Geuvers, Herman},
  title     = {Conservativity between Logics and Typed lambda Calculi},
  booktitle = {Types for Proofs and Programs, International Workshop TYPES'93, Nijmegen,
               The Netherlands, May 24-28, 1993, Selected Papers},
  pages     = {79--107},
  crossref  = {DBLP:conf/types/1993}
}

@proceedings{DBLP:conf/types/1993,
  editorignored    = {Barendregt, Henk and Nipkow, Tobias},
  title     = {Types for Proofs and Programs, International Workshop TYPES'93, Nijmegen,
               The Netherlands, May 24-28, 1993, Selected Papers},
  series    = {LNCS},
  volume    = {806},
  publisher = {Springer},
  year      = {1994},
  isbn      = {3-540-58085-9}
}

@INPROCEEDINGS{SchaeferEtAl:2009:Completeness,
  title = {Completeness and Decidability of de {B}ruijn Substitution Algebra in {C}oq},
  author = {Steven Sch{\"a}fer and Gert Smolka and Tobias Tebbi},
  year = 2015,
  publisher = {ACM},
  booktitle = {Proceedings of CPP 2015},
  pages = {67-73},
}

@inproceedings{DBLP:conf/itp/SchaferTS15,
  title     = {Autosubst: Reasoning with de {B}ruijn Terms and Parallel Substitutions},
  author    = {Sch{\"a}fer, Steven and Tebbi, Tobias and Smolka, Gert},
  booktitle = {Proceedings of ITP 2015},
  year      = 2015,
  pages     = {359--374},
  crossref  = {DBLP:conf/itp/2015}
}

@proceedings{DBLP:conf/itp/2015,
  editorignored    = {Urban, Christian and Zhang, Xingyuan},
  title     = {Interactive Theorem Proving - 6th International Conference, {ITP}
               2015, Nanjing, China, August 24-27, 2015, Proceedings},
  series    = {LNCS},
  volume    = {9236},
  publisher = {Springer},
  year      = {2015},
  isbn      = {978-3-319-22101-4}
}


@inproceedings{Rudnicki1992,
  title={An overview of the {M}izar project},
  author={Rudnicki, Piotr},
  booktitle={Proceedings of the 1992 Workshop on Types for Proofs and Programs},
  pages={311--330},
  year={1992}
}

@article{DBLP:journals/entcs/BartheHS97,
  author    = {Barthe, Gilles and Hatcliff, John and S{\o}rensen, Morten Heine},
  title     = {A notion of classical pure type system},
  journal   = {Electronic Notes in Theoetical Computer Science},
  volume    = {6},
  year      = {1997},
  pages     = {4-59},
  bibsource = {DBLP, http://dblp.uni-trier.de}
}

@inproceedings{DBLP:conf/icalp/Barthe98,
  author    = {Barthe, Gilles},
  title     = {The Relevance of Proof-Irrelevance},
  booktitle = {ICALP},
  year      = {1998},
  pages     = {755-768},
  crossref  = {DBLP:conf/icalp/1998},
  bibsource = {DBLP, http://dblp.uni-trier.de}
}

@inproceedings{Chlipala2008,
  title={Parametric higher-order abstract syntax for mechanized semantics},
  author={Chlipala, Adam},
  booktitle={ACM Sigplan Notices},
  volume={43},
  pages={143--156},
  year={2008},
  organization={ACM}
}

@article{MartinLof1975,
  title={An intuitionistic theory of types: Predicative part},
  author={Martin-L{\"o}f, Per},
  journal={Studies in Logic and the Foundations of Mathematics},
  volume={80},
  pages={73--118},
  year={1975},
  publisher={Elsevier}
}

@article{Williams1969,
  author={Williams, Neil H.},
  title={On {G}rothendieck universes},
  journal={Compositio Mathematica},
  volume={21},
  pages={1--3},
  year={1969}
}

@article{Kruse1965,
  author={Kruse, Arthur H.},
  title={{G}rothendieck universes and the super-complete models of {S}hepherdson},
  journal={Compositio Mathematica},
  volume={17},
  pages={96--101},
  year={1965}
}

@article{Gabriel1962,
  title={Des cat{\'e}gories ab{\'e}liennes},
  author={Gabriel, Pierre},
  journal={Bulletin de la Soci{\'e}t{\'e} Math{\'e}matique de France},
  volume={90},
  pages={323--448},
  year={1962}
}

@article{Tarski1938,
  author    = {Tarski, Alfred},
  title     = {{{\"U}}ber unerreichbare {K}ardinalzahlen},
  journal   = {Fundamenta Mathematicae},
  publisher = {Institute of Mathematics Polish Academy of Sciences},
  year      = {1938},
  pages     = {68--89},
  volume    = {30},
  number    = {1}
}

@article {Kolmogorov1932,
   author = {Kolmogorov, Andrej N.},
   title = {Zur {D}eutung der intuitionistischen {L}ogik},
   journal = {Mathematische Zeitschrift},
   publisher = {Springer Berlin / Heidelberg},
   issn = {0025-5874},
   pages = {58-65},
   volume = {35},
   issue = {1},
   year = {1932}
}

@article{Zermelo1930,
  author= {Zermelo, Ernst},
  title = {{{\"U}}ber {G}renzzahlen und {M}engenbereiche},
  journal = {Fundamenta Mathematicae},
  volume = {16},
  number = {1},
  year = {1930},
  pages = {29--47},
  publisher = {Institute of Mathematics Polish Academy of Sciences},
}

@article{Ackermann1925,
  author={Ackermann, Wilhelm},
  title={{B}egr{\"u}ndung des ``tertium non datur'' mittels der {H}ilbertschen {T}heorie der {W}iderspruchsfreiheit},
  journal={Mathematische Annalen},
  publisher={Springer-Verlag},
  issn={0025-5831},
  pages={1-36},
  volume={93},
  issue={1},
  year={1925}
}

@article {Fraenkel1922,
   author = {Fraenkel, Abraham A.},
   affiliation = {Marburg},
   title = {{Z}u den {G}rundlagen der {C}antor-{Z}ermeloschen {M}engenlehre},
   journal = {Mathematische Annalen},
   publisher = {Springer Berlin / Heidelberg},
   issn = {0025-5831},
   keyword = {Mathematics and Statistics},
   pages = {230-237},
   volume = 86,
   issue = 3,
   year = 1922
}

@article {Zermelo1908,
   author = {Zermelo, Ernst},
   affiliation = {G\"ottingen},
   title = {{U}ntersuchungen \"uber die {G}rundlagen der {M}engenlehre. {I}},
   journal = {Mathematische Annalen},
   publisher = {Springer Berlin / Heidelberg},
   issn = {0025-5831},
   keyword = {Mathematics and Statistics},
   pages = {261-281},
   volume = {65},
   issue = {2},
   year = {1908}
}

@article{Cantor1874,
  author = {Cantor, Georg},
  title = {{{\"U}}ber eine {E}igenschaft des {I}nbegriffs aller reellen algebraischen {Z}ahlen},
  journal = {{J}ournal f{\"u}r die reine und angewandte {M}athematik},
  volume = {77},
  pages = {258--262},
  year = {1874}
}

@techreport{BarrasWerner1997,
    author = {Barras, Bruno and Werner, Benjamin},
    title = {Coq in Coq},
    institution = {INRIA-Rocquencourt},
    year = {1997}
}

@inproceedings{Werner1997,
  author    = {Werner, Benjamin},
  title     = {Sets in Types, Types in Sets},
  booktitle = {TACS},
  year      = {1997},
  pages     = {530-346}
}

@inproceedings{MiquelWerner2002,
  author    = {Miquel, Alexandre and Werner, Benjamin},
  title     = {The not so simple proof-irrelevant model of {CC}},
  booktitle = {{TYPES}},
  year      = {2002},
  pages     = {240-258}
}

@inproceedings{Aczel1998,
  author    = {Aczel, Peter},
  title     = {On relating type theories and set theories},
  booktitle = {{TYPES}},
  year      = {1998},
  pages     = {1-18}
}

@inproceedings{Griffin1990,
 author = {Griffin, Timothy G.},
 title = {A formulae-as-type notion of control},
 booktitle = {Proceedings of the 17th ACM SIGPLAN-SIGACT symposium on Principles of programming languages},
 series = {POPL '90},
 year = {1990},
 isbn = {0-89791-343-4},
 location = {San Francisco, California, United States},
 pages = {47--58},
 numpages = {12},
 publisher = {ACM},
 address = {New York, NY, USA},
}

@inproceedings{Swamy2016,
  author = {Swamy, Nikhil and Hri\c{t}cu, C\u{a}t\u{a}lin and Keller, Chantal and Rastogi, Aseem and Delignat-Lavaud, Antoine and Forest, Simon and Bhargavan, Karthikeyan and Fournet, C{\'e}dric and Strub, Pierre-Yves and Kohlweiss, Markulf and Zinzindohoue, Jean-Karim and Zanella-B{\'e}guelin, Santiago},
  title = {Dependent Types and Multi-monadic Effects in {F}*},
  booktitle = {Proceedings of POPL 2016},
  year = {2016},
  isbn = {978-1-4503-3549-2},
  pages = {256--270},
  numpages = {15},
  publisher = {ACM}
}

@article{DBLP:journals/jar/FeltyM12,
  author    = {Felty, Amy P. and Momigliano, Alberto},
  title     = {Hybrid - {A} Definitional Two-Level Approach to Reasoning with Higher-Order
               Abstract Syntax},
  journal   = {JAR},
  volume    = {48},
  number    = {1},
  pages     = {43--105},
  year      = {2012}
}

@incollection{Capretta2007,
author    = {Capretta, Venanzio and Felty, Amy P.},
title     = {Combining de {B}ruijn Indices and Higher-Order Abstract Syntax in Coq},
booktitle = {{TYPES} 2006, Revised Selected Papers},
year      = {2007},
publisher = {Springer},
pages     = {63--77},
isbn      = {978-3-540-74464-1}
}

@incollection{Capretta2009,
author    = {Capretta, Venanzio and Felty, Amy P.},
title     = {Higher-order abstract syntax in type theory},
pages     = {65--90},
booktitle = {Logic Colloquium 2006},
publisher = {Cambridge University Press},
year      = {2009},
}

@article{Adams2006a,
 author = {Adams, Robin},
 title = {Pure type systems with judgemental equality},
 journal = {JFP},
 issue_date = {March 2006},
 volume = {16},
 number = {2},
 month = mar,
 year = {2006},
 issn = {0956-7968},
 pages = {219--246},
 numpages = {28},
 acmid = {1114675},
 publisher = {Cambridge University Press},
 address = {New York, NY, USA},
}

@article{Kuratowski1921,
  author ={Kuratowski, Casimir},
  title = {Sur la notion de l'ordre dans la th\'eorie des ensembles},
  journal = {Fundamenta Mathematicae},
  volume = {2},
  number = {1},
  year = {1921},
  publisher = {Institute of Mathematics Polish Academy of Sciences},
}

@misc{Girard1972,
  title={Interpr{\'e}tation fonctionelle et {\'e}limination des coupures de l'arithm{\'e}tique d'ordre sup{\'e}rieur},
  author={Girard, Jean-Yves},
  howpublished={Th{\`e}se de doctorat d'{\'e}tat, Universit{\'e} Paris VII},
  year={1972}
}

@misc{Geuvers1993,
  title  = {Logics and type systems},
  author = {Geuvers, Jan Herman},
  howpublished={Proefschrift, Katholieke Universiteit Nijmegen},
  year   = {1993}
}

@mastersthesis{Kaiser:2012:Formal,
  title = {Formal Construction of a Set Theory in {C}oq},
  author = {Jonas Kaiser},
  year = {2012},
  school = {Programming Systems Lab, Saarland University},
}

@incollection{Hurkens1995,
  title={A simplification of {G}irard's paradox},
  booktitle={{TLCA}},
  author={Hurkens, Antonius J.C.},
  editorignored ={Dezani-Ciancaglini, Mariangiola and Plotkin, Gordon},
  series={LNCS},
  publisher={Springer Berlin / Heidelberg},
  volume={902},
  pages={266-278},
  year={1995}
}

@incollection{poplmark,
  author    = {Aydemir, Brian E. and Bohannon, Aaron and Fairbairn, Matthew and Foster, J. Nathan and Pierce, Benjamin C. and Sewell, Peter and Vytiniotis, Dimitrios and Washburn, Geoffrey and Weirich, Stephanie and Zdancewic, Steve},
  year      = {2005},
  booktitle = {TPHOL},
  volume    = {3603},
  series    = {LNCS},
  title     = {Mechanized Metatheory for the Masses: The {POPLmark} Challenge},
  publisher = {Springer},
  pages     = {50--65}
}


@article{Paulson1993,
  title={Set theory for verification: {I}. From foundations to functions},
  author={Paulson, Lawrence C.},
  journal={JAR},
  volume={11},
  number={3},
  pages={353--389},
  year={1993},
  publisher={Springer}
}

@article{Paulson1995,
  title={Set theory for verification. {II}: Induction and recursion},
  author={Paulson, Lawrence C.},
  journal={JAR},
  volume={15},
  number={2},
  pages={167--215},
  year={1995},
  publisher={Springer}
}

@article{Paulson2008,
  title={The Relative Consistency of the Axiom of Choice--Mechanized Using {I}sabelle/{ZF}},
  author={Paulson, Lawrence C.},
  journal={Logic and Theory of Algorithms},
  pages={486--490},
  year={2008},
  publisher={Springer}
}

@article{DBLP:journals/iandc/CoquandH88,
  author    = {Thierry Coquand and
               G{\'e}rard P. Huet},
  title     = {The Calculus of Constructions},
  journal   = {Information and Computation},
  volume    = {76},
  number    = {2/3},
  year      = {1988},
  pages     = {95-120},
  ee        = {http://dx.doi.org/10.1016/0890-5401(88)90005-3},
  bibsource = {DBLP, http://dblp.uni-trier.de}
}

@inproceedings{Felty2010,
  author    = {Felty, Amy P. and Pientka, Brigitte},
  title     = {Reasoning with Higher-Order Abstract Syntax and Contexts: A Comparison},
  bookTitle = {Proceedings of ITP 2010},
  year      = {2010},
  publisher = {Springer},
  pages     = {227--242},
  isbn      = {978-3-642-14052-5}
}


@inproceedings{DBLP:conf/eurocal/CoquandH85,
  author    = {Thierry Coquand and
               G{\'e}rard P. Huet},
  title     = {Constructions: A Higher Order Proof System for Mechanizing
               Mathematics},
  booktitle = {European Conference on Computer Algebra (1)},
  year      = {1985},
  pages     = {151-184},
  ee        = {http://dx.doi.org/10.1007/3-540-15983-5_13},
  crossref  = {DBLP:conf/eurocal/1985-1},
  bibsource = {DBLP, http://dblp.uni-trier.de}
}

@proceedings{DBLP:conf/eurocal/1985-1,
  editorignored    = {Bruno Buchberger},
  title     = {EUROCAL '85, European Conference on Computer Algebra, Linz,
               Austria, April 1-3, 1985, Proceedings Volume 1: Invited
               Lectures},
  booktitle = {EUROCAL},
  publisher = {Springer},
  series    = {LNCS},
  volume    = {203},
  year      = {1985},
  isbn      = {3-540-15983-5},
  bibsource = {DBLP, http://dblp.uni-trier.de}
}

@inproceedings{DBLP:conf/mfps/PfenningP89,
  author    = {Frank Pfenning and
               Christine Paulin-Mohring},
  title     = {Inductively Defined Types in the Calculus of Constructions},
  booktitle = {Mathematical Foundations of Programming Semantics},
  year      = {1989},
  pages     = {209-228},
  ee        = {http://dx.doi.org/10.1007/BFb0040259},
  crossref  = {DBLP:conf/mfps/1989},
  bibsource = {DBLP, http://dblp.uni-trier.de}
}

@proceedings{DBLP:conf/mfps/1989,
  editorignored    = {Michael G. Main and
               Austin Melton and
               Michael W. Mislove and
               David A. Schmidt},
  title     = {Mathematical Foundations of Programming Semantics, 5th International
               Conference, Tulane University, New Orleans, Louisiana, USA,
               March 29 - April 1, 1989, Proceedings},
  booktitle = {MFPS},
  publisher = {Springer},
  series    = {LNCS},
  volume    = {442},
  year      = {1990},
  isbn      = {3-540-97375-3},
  bibsource = {DBLP, http://dblp.uni-trier.de}
}

@article{DBLP:journals/cacm/Leroy09,
  author    = {Xavier Leroy},
  title     = {Formal verification of a realistic compiler},
  journal   = {Communications of the ACM},
  volume    = {52},
  number    = {7},
  year      = {2009},
  pages     = {107-115},
  ee        = {http://doi.acm.org/10.1145/1538788.1538814},
  bibsource = {DBLP, http://dblp.uni-trier.de}
}

@inproceedings{DBLP:conf/fm/BlazyDL06,
  author    = {Sandrine Blazy and
               Zaynah Dargaye and
               Xavier Leroy},
  title     = {Formal Verification of a {C} Compiler Front-End},
  booktitle = {FM},
  year      = {2006},
  pages     = {460-475},
  ee        = {http://dx.doi.org/10.1007/11813040_31},
  crossref  = {DBLP:conf/fm/2006},
  bibsource = {DBLP, http://dblp.uni-trier.de}
}

@proceedings{DBLP:conf/icalp/1998,
  editorignored    = {Kim Guldstrand Larsen and
               Sven Skyum and
               Glynn Winskel},
  title     = {Automata, Languages and Programming, 25th International
               Colloquium, ICALP'98, Aalborg, Denmark, July 13-17, 1998,
               Proceedings},
  booktitle = {ICALP},
  publisher = {Springer},
  series    = {LNCS},
  volume    = {1443},
  year      = {1998},
  isbn      = {3-540-64781-3},
  bibsource = {DBLP, http://dblp.uni-trier.de}
}

@proceedings{DBLP:conf/fm/2006,
  editorignored    = {Jayadev Misra and
               Tobias Nipkow and
               Emil Sekerinski},
  title     = {FM 2006: Formal Methods, 14th International Symposium on
               Formal Methods, Hamilton, Canada, August 21-27, 2006, Proceedings},
  booktitle = {FM},
  publisher = {Springer},
  series    = {LNCS},
  volume    = {4085},
  year      = {2006},
  isbn      = {3-540-37215-6},
  bibsource = {DBLP, http://dblp.uni-trier.de}
}

@article{DBLP:journals/jar/Leroy09,
  author    = {Xavier Leroy},
  title     = {A Formally Verified Compiler Back-end},
  journal   = {JAR},
  volume    = {43},
  number    = {4},
  year      = {2009},
  pages     = {363-446},
  ee        = {http://dx.doi.org/10.1007/s10817-009-9155-4},
  bibsource = {DBLP, http://dblp.uni-trier.de}
}

@inproceedings{DBLP:conf/ascm/Gonthier07,
  author    = {Georges Gonthier},
  title     = {The Four Colour Theorem: Engineering of a Formal Proof},
  booktitle = {ASCM},
  year      = {2007},
  pages     = {333},
  ee        = {http://dx.doi.org/10.1007/978-3-540-87827-8_28},
  crossref  = {DBLP:conf/ascm/2007},
  bibsource = {DBLP, http://dblp.uni-trier.de}
}

@proceedings{DBLP:conf/ascm/2007,
  editorignored    = {Deepak Kapur},
  title     = {Computer Mathematics, 8th Asian Symposium, ASCM 2007, Singapore,
               December 15-17, 2007. Revised and Invited Papers},
  booktitle = {ASCM},
  publisher = {Springer},
  series    = {LNCS},
  volume    = 5081,
  year      = 2008,
  isbn      = {978-3-540-87826-1},
  bibsource = {DBLP, http://dblp.uni-trier.de}
}
@inproceedings{DBLP:conf/popl/AydemirCPPW08,
  author    = {Brian E. Aydemir and
               Arthur Chargu{\'e}raud and
               Benjamin C. Pierce and
               Randy Pollack and
               Stephanie Weirich},
  title     = {Engineering formal metatheory},
  booktitle = {Proceedings of POPL 2008},
  year      = {2008},
  pages     = {3-15},
  crossref  = {DBLP:conf/popl/2008},
}

@proceedings{DBLP:conf/popl/2008,
  editorignored    = {George C. Necula and
               Philip Wadler},
  title     = {Proceedings of the 35th ACM SIGPLAN-SIGACT Symposium on
               Principles of Programming Languages, POPL 2008, San Francisco,
               California, USA, January 7-12, 2008},
  booktitle = {POPL},
  publisher = {ACM},
  year      = {2008},
  isbn      = {978-1-59593-689-9},
  ee        = {http://dl.acm.org/citation.cfm?id=1328438},
  bibsource = {DBLP, http://dblp.uni-trier.de}
}

@misc{CoqWebsite,
  title = {Coq Website},
  key   = {coq},
  note  = {\texttt{http://coq.inria.fr/}}
}

@article{abadi1991,
  author    = {Mart\'{\i}n Abadi and
               Luca Cardelli and
               Pierre-Louis Curien and
               Jean-Jacques L{\'e}vy},
  title     = {Explicit Substitutions},
  journal   = {JFP},
  volume    = {1},
  number    = {4},
  year      = {1991},
  pages     = {375-416},
  bibsource = {DBLP, http://dblp.uni-trier.de}
}

@article{AbellaTutorial,
	author = {David Baelde and Kaustuv Chaudhuri and Andrew Gacek and Dale Miller and Gopalan Nadathur and Alwen Tiu and Yuting Wang},
	title = {Abella: A System for Reasoning about Relational Specifications},
	journal = {JFR},
	volume = {7},
	number = {2},
	year = {2014},
	keywords = {},
	issn = {1972-5787},
        pages = {1--89}
}

@INPROCEEDINGS{KaiserEtAl:2017:sysf_pts_equiv_coq,
  title = {Equivalence of {S}ystem {F} and {$\lambda 2$} in {C}oq based on Context Morphism Lemmas},
  author = {Jonas Kaiser and Tobias Tebbi and Gert Smolka},
  year = 2017,
  publisher = {ACM},
  booktitle = {Proceedings of CPP 2017}
}

@inproceedings{DBLP:conf/cade/PfenningS99,
  author    = {Frank Pfenning and
               Carsten Sch{\"{u}}rmann},
  title     = {System Description: Twelf - {A} Meta-Logical Framework for Deductive
               Systems},
  booktitle = {Automated Deduction - CADE-16, 16th International Conference on Automated
               Deduction, Trento, Italy, July 7-10, 1999, Proceedings},
  pages     = {202--206},
  publisher = {Springer},
  year      = {1999},
}

@inproceedings{DBLP:conf/cade/PientkaD10,
  author    = {Brigitte Pientka and
               Joshua Dunfield},
  title     = {Beluga: {A} Framework for Programming and Reasoning with Deductive
               Systems (System Description)},
  booktitle = {Automated Reasoning, 5th International Joint Conference, {IJCAR} 2010,
               Edinburgh, UK, July 16-19, 2010. Proceedings},
  pages     = {15--21},
  publisher = {Springer},
  year      = {2010}
}
